<?xml version="1.0" encoding="UTF-8"?><collection xmlns="http://www.loc.gov/MARC21/slim"><record><leader>00300nam--2200121-i-4500</leader><controlfield tag="001">000045435</controlfield><controlfield tag="002">20161230</controlfield><controlfield tag="005">20161230201045</controlfield><controlfield tag="008">060222s1000------------r-----000-0-eng-d</controlfield><datafield ind1=" " ind2=" " tag="100"><subfield code="a">Trechcinski, R./S.A.</subfield></datafield><datafield ind1=" " ind2=" " tag="245"><subfield code="a">Materialele conferintei camac</subfield></datafield><datafield ind1=" " ind2=" " tag="260"><subfield code="a">Varsovia, 1970, /F.Ed./, 125p</subfield></datafield><datafield ind1=" " ind2=" " tag="852"><subfield code="a">33885</subfield></datafield></record></collection>